@article{fender2017bayern,
	title={Bayern in der Vorgeschichte-Eine GIS-gest{\"u}tzte Analyse der Siedlungslandschaft und der Einsatz von Open Data in der Arch{\"a}ologie},
	author={Fender, Peer},
	year={2017}
}

@book{hastie01statisticallearning,
  author = {Hastie, Trevor and Tibshirani, Robert and Friedman, Jerome},
  publisher = {Springer New York Inc.},
  series = {Springer Series in Statistics},
  title = {The Elements of Statistical Learning},
  year = {2001}
}

@online{lovelace2019,
  author = {Robin Lovelace, Jakub Nowosad, Jannes Muenchow},
  title = {Geocomputation with R},
  year = {2019},
  url = {https://geocompr.robinlovelace.net/},
  urldate = {2019-09-10}
}

@online{GADM.org,
  author = {Database of Global Administrative Areas},
  title = {Database of Global Administrative Areas},
  year = {2019},
  url = {https://gadm.org/download_country_v3.html},
  urldate = {2019-09-10}
}

@book{fahrmeir2016statistik,
  title={Statistik: Der weg zur Datenanalyse},
  author={Fahrmeir, Ludwig and Heumann, Christian and K{\"u}nstler, Rita and Pigeot, Iris and Tutz, Gerhard},
  year={2016},
  publisher={Springer-Verlag}
}

@online{Worldclim2,
  author = {{Fick, S.E., R.J. Hijmans}},
  title = { Worldclim 2: New 1-km spatial resolution climate surfaces for global land areas},
  year = {2017},
  url = {http://worldclim.org/version2},
  urldate = {2019-09-10},
  journal={International Journal of Climatology}
}

@article{phillips2006maximum,
  title={Maximum entropy modeling of species geographic distributions},
  author={Phillips, Steven J and Anderson, Robert P and Schapire, Robert E},
  journal={Ecological modelling},
  volume={190},
  number={3-4},
  pages={231--259},
  year={2006},
  publisher={Elsevier}
}

@book{pointpatterns,
  title={Spatial Point Patterns: Methodology and Applications with R},
  author={Chapman and Hall},
  year={2015},
  publisher={CRC Press, Taylor and Francis Group}
}

@book{gaussprozess,
  title={Gaussian Processes for Machine Learning},
  author={Carl Edward Rasmussen and Christopher K. I. Williams},
  year={2006},
  publisher={Massachusetts Institute of Technology}
}

@Manual{shiny,
    title = {shiny: Web Application Framework for R},
    author = {Winston Chang, Joe Cheng},
    year = {2019},
    note = {R package version 1.3.2},
    url = {https://cran.r-project.org/web/packages/shiny/},
  }

@online{Datenbank,
  title = {Eisenzeit Datenbank},
  url = {https://pma.gwi.uni-muenchen.de:8888/sql.php?server=9&db=vfpa_eisenzeit&table=fender_2017},
  urldate = {2019-09-10}
}

@Manual{simplefeatures,
    title = {sf: Simple Features for R},
    author = {Edzer Pebesma, Roger Bivand et al.},
    year = {2019},
    note = {R package version 0.7-7},
    url = {https://cran.r-project.org/web/packages/sf/},
  }
  
 @Manual{raster,
    title = {raster: Geographic Data Analysis and Modeling},
    author = {Robert J. Hijmans, Jacob van Etten et al.},
    year = {2019},
    note = {R package version 3.0-2},
    url = {https://cran.r-project.org/web/packages/raster/},
 }

@online{srtm,
  title = {SRTM 90m DEM Digital Elevation Database },
  url = {http://srtm.csi.cgiar.org/faq/},
  urldate = {2019-09-10}
}

@article{hillshading,
	title={Hill Shading and the Reflectance Map},
	author={Horn, Berthold},
	year={1981},
	publisher={Proceedings of the IEEE 69:14-47}
}

 @Manual{terraindoku,
    title = {The raster::terrain function},
    author = {Robert J. Hijmans, Jacob van Etten et al.},
    year = {2019},
    note = {R package version 3.0-2},
    url = {https://www.rdocumentation.org/packages/raster/versions/3.0-2/topics/terrain},
 }
 
 @online{frosttage,
  title = {Daten des Deutschen Wetterdiensts: Frosttage},
  url =  {https://maps.dwd.de/geoserver/web/wicket/bookmarkable/org.geoserver.web.demo.MapPreviewPage?0},
  urldate = {2019-09-10},
  note = {dwd:Frostdays_annual_map_normals_1971_30}
}

 @online{sonnenstunden,
  title = {Daten des Deutschen Wetterdiensts: Sonnenstunden},
  url =  {https://maps.dwd.de/geoserver/web/wicket/bookmarkable/org.geoserver.web.demo.MapPreviewPage?0},
  urldate = {2019-09-10},
  note = {dwd:SDMS_17_1961_30}
}

 @online{sesshaft,
  title = {Als die Jäger sesshaft wurden},
  url =  {https://www.wissenschaft.de/geschichte-archaeologie/als-die-jaeger-sesshaft-wurden/},
  urldate = {2019-09-10},
  note = {dwd:SDMS_17_1961_30}
}

 @online{GRASS,
  title = {GRASS GIS manual: r.stream.distance},
  url =  {https://grass.osgeo.org/grass76/manuals/r.stream.extract.html},
  urldate = {2019-09-10}
}

 @online{rivershapes,
  title = {Gewässershapefile Deutschland},
  url =  {https://biogeo.ucdavis.edu/data/diva/wat/DEU_wat.zip},
  urldate = {2019-09-10}
}

 @Manual{dist2line,
    title = {Distance between points and lines or the border of polygons.},
    author = {Robert J. Hijmans, et al.},
    year = {2019},
    note = {R package version v1.5-10},
    url = {https://www.rdocumentation.org/packages/geosphere/versions/1.5-10/topics/dist2Line},
    urldate = {2019-09-10}
 }

  @Manual{extract,
    title = {Extract values from Raster objects},
    author = {Robert J. Hijmans, et al.},
    year = {2019},
    note = {R package version v3.0-2},
    url = {https://www.rdocumentation.org/packages/raster/versions/3.0-2/topics/extract},
    urldate = {2019-09-10}
 }
 
 @article{nordfrankreich,
	title={L'Europe Celtique à l'âge du Fer},
	author={Buchsenschutz, O.},
	year={2015},
	publisher={L'Europe Celtique à l'âge du Fer, Paris},
	note={S.398-399}
}

@book{logit,
  author = {Hastie, Trevor and Tibshirani, Robert and Friedman, Jerome},
  publisher = {Springer New York Inc.},
  series = {Springer Series in Statistics},
  title = {The Elements of Statistical Learning},
  year = {2001},
  note= {S.119}
}


@book{svclassifier,
  author = {Hastie, Trevor and Tibshirani, Robert and Friedman, Jerome},
  publisher = {Springer New York Inc.},
  series = {Springer Series in Statistics},
  title = {The Elements of Statistical Learning},
  year = {2001},
  note= {S.418FF}
}

 @online{trenngerade,
  title = {Lines and Circles and Logistic Regression},
  url =  {http://blog.data-miners.com/2014/03/lines-and-circles-and-logistic.html},
  urldate = {2019-09-10}
}

@book{hyperplanes,
  author = {Hastie, Trevor and Tibshirani, Robert and Friedman, Jerome},
  publisher = {Springer New York Inc.},
  series = {Springer Series in Statistics},
  title = {The Elements of Statistical Learning},
  year = {2001},
  note= {S.129FF}
}

 @article{kerneltrick,
	title={A tutorial on support vector machines for pattern recognition, Data Mining and KnowledgeDiscovery},
	author={C. Burges},
	year={1998},
	publisher={Kluwer Academic Publishers, Boston},
	note={S.121-167}
}

 @online{kernelintuition,
  title = {Kernels and Feature maps: Theory and intuition},
  url =  {https://xavierbourretsicotte.github.io/Kernel_feature_map.html},
  urldate = {2019-09-10}
}

@book{treesplit,
  author = {Hastie, Trevor and Tibshirani, Robert and Friedman, Jerome},
  publisher = {Springer New York Inc.},
  series = {Springer Series in Statistics},
  title = {The Elements of Statistical Learning},
  year = {2001},
  note= {S.306FF}
}

 @article{randomforest,
	title={RANDOM FORESTS},
	author={Leo Breiman},
	year={2001},
	publisher={Statistics Department University of California Berkeley}
}

  @Manual{ranger,
    title = {A Fast Implementation of Random Forests},
    author = {Marvin Wright},
    year = {2019},
    note = {R package version v0.11.2},
    url = {https://www.rdocumentation.org/packages/ranger/versions/0.11.2},
    urldate = {2019-09-10}
 }
 
   @Manual{forestpackage,
    title = {Breiman and Cutler's Random Forests for Classification and Regression},
    author = {Andy Liaw},
    year = {2019},
    note = {R package version v4.6-14},
    url = {https://www.rdocumentation.org/packages/randomForest/versions/4.6-14},
    urldate = {2019-09-10}
 }
 
  @online{nestedresampling,
  title = {Spatial CV with mlr},
  url =  {https://geocompr.robinlovelace.net/spatial-cv.html},
  urldate = {2019-09-10},
  note = {Kapitel 11.5.2}
}

 @article{nestedresmpling2,
	title={On over-Fitting in Model Selection and Subsequent Selection Bias in Performance Evaluation.},
	author={Cawley, Gavin C., and Nicola LC Talbot},
	year={2010},
	publisher={Journal of Machine Learning Research 11},
	note={S. 2079–2107}
}